@techreport{evans2011TheIoT,
  author = {Dave Evans},
  title = {The Internet of Things},
  institution = {Cisco},
  date = {2011-04},
  subtitle = {How the Next Evolution of the Internet is Changing Everything},
  url = {http://www.cisco.com/web/about/ac79/docs/innov/IoT_IBSG_0411FINAL.pdf}
}

@online{gartner2013IoTGrowth,
  title = {Gartner Says the Internet of Things Installed Base Will Grow to 26 Billion Units By 2020},
  date = {2013-12-12},
  url = {http://www.gartner.com/newsroom/id/2636073}
}

@book{chiusano2014FPinScala,
  author = {Paul Chiusano and RÃºnar Bjarnason},
  title = {Functional Programming in Scala},
  date = {2014-08},
  publisher = {Manning Publications Co.},
  OPTlocation = {location},
  isbn = {9781617290657},
  url = {http://www.manning.com/bjarnason/}
}

@article{brroks1987NoSilverBullet,
  title={No Silver Bullet Essence and Accidents of Software Engineering},
  author={Frederick P. Brooks},
  journal={Computer},
  number={4},
  pages={10--19},
  year={1987},
  publisher={IEEE},
  url = {http://faculty.salisbury.edu/~xswang/Research/Papers/SERelated/no-silver-bullet.pdf}
}

@misc{odersky2013ObjectsAndFunctions,
  author = {Martin Odersky},
  title = {Objects and functions, conflict without a cause?},
  date = {2013-05-03},
  url = {https://www.parleys.com/tutorial/objects-functions-conflict-without-cause},
  urldate = {2015-06-01}
}

@book{bernhardt2015ReactiveWeb,
  author = {Manuel Bernhardt},
  title = {Reactive Web Applications},
  date = {2015},
  publisher = {Manning Publications Co.},
  isbn = {9781633430099 },
  pubstate = {forthcoming},
  url = {http://www.manning.com/bernhardt/}
}

@phdthesis{okasakiFunctionalDS,
  author={Chris Okasaki},
  title={Purely Functional Data Structures},
  year={1996-09},
  school={Carnegie Mellon University},
  url = {http://www.cs.cmu.edu/~rwh/theses/okasaki.pdf}
}

@misc{odersky2013Types,
  author = {Martin Odersky},
  title = {The Trouble With Types},
  date = {2013-10-28},
  url = {http://www.infoq.com/presentations/data-types-issues},
  urldate = {2015-06-01}
}

@article{hindley1969,
  author = {Roger Hindley},
  title = {The Principal Type-Scheme of an Object in Combinatory Logic},
  date = {1969-12},
  journal = {Transactions of the American Mathematical Society},
  volume = {146},
  pages = {29--60},
  url = {http://www.jstor.org/stable/1995158},
  issn = {00029947},
  publisher = {American Mathematical Society}
}

@article{milner1978,
  author = "Robin Milner",
  title = "A theory of type polymorphism in programming ",
  date = "1978-12",
  journal = "Journal of Computer and System Sciences ",
  volume = "17",
  number = "3",
  pages = "348--375",
  issn = "0022-0000",
  url = "http://www.sciencedirect.com/science/article/pii/0022000078900144"
}

@misc{hoare2009Null,
  author = {Tony Hoare},
  title = {Null References: The Billion Dollar Mistake},
  date = {2013-08-25},
  url = {http://www.infoq.com/presentations/Null-References-The-Billion-Dollar-Mistake-Tony-Hoare},
  urldate = {2015-06-01}
}

@inproceedings{oliveira2010TypeClasses,
  author = {Bruno C.d.S Oliveira and Adriaan Moors and Martin Odersky},
  title = {Type Classes As Objects and Implicits},
  date = {2010},
  booktitle = {Proceedings of the ACM International Conference on Object Oriented Programming Systems Languages and Applications},
  series = {OOPSLA '10},
  isbn = {978-1-4503-0203-6},
  location = {Reno/Tahoe, Nevada, USA},
  pages = {341--360},
  numpages = {20},
  url = {http://ropas.snu.ac.kr/~bruno/papers/TypeClasses.pdf},
  acmid = {1869489},
  publisher = {ACM}
}

@online{yorget2009Typeclasses,
  author = {Brent Yorgey},
  title = {Typeclassopedia},
  date = {2009-03-12},
  url = {https://wiki.haskell.org/Typeclassopedia},
  urldate = {2015-06-01}
}

@online{haskellwikiFP,
  author = {Haskell Wiki Contributors},
  title = {Functional programming},
  publisher = {Haskell Wiki},
  date = {2015},
  url = {https://wiki.haskell.org/Functional_programming},
  OPTurldate = {2015-06-01}
}

@online{wadler1998TheExpressionProblem,
  author = {Philip Wadler},
  title = {The Expression Problem},
  date = {1998-11-12},
  url = {http://homepages.inf.ed.ac.uk/wadler/papers/expression/expression.txt}
}
